@inproceedings{gao2022kuairec,
  author = {Gao, Chongming and Li, Shijun and Lei, Wenqiang and Chen, Jiawei and Li, Biao and Jiang, Peng and He, Xiangnan and Mao, Jiaxin and Chua, Tat-Seng},
  title = {KuaiRec: A Fully-Observed Dataset and Insights for Evaluating Recommender Systems},
  booktitle = {Proceedings of the 31st ACM International Conference on Information \& Knowledge Management},
  series = {CIKM '22},
  location = {Atlanta, GA, USA},
  url = {https://doi.org/10.1145/3511808.3557220},
  doi = {10.1145/3511808.3557220},
  numpages = {11},
  year = {2022},
  pages = {540â€“550}
}

@misc{nath2023_medium,
  author       = {Sruthy Nath},
  title        = {Overcoming Data Sparsity with Collaborative Filtering},
  howpublished = {\url{https://medium.com/@sruthynath/overcoming-data-sparsity-with-collaborative-filtering-123456789abc}},
  note         = {Accessed: 2024-12-20},
  year         = {2023},
  month        = sep
}
